@article{Shmueli2010,
    title = {{To Explain or to Predict?}},
    year = {2010},
    journal = {Statistical Science},
    author = {Shmueli, Galit},
    number = {3},
    month = {8},
    pages = {289--310},
    volume = {25},
    url = {https://www.stat.berkeley.edu/~aldous/157/Papers/shmueli.pdf https://projecteuclid.org/journals/statistical-science/volume-25/issue-3/To-Explain-or-to-Predict/10.1214/10-STS330.full},
    doi = {10.1214/10-STS330},
    issn = {0883-4237},
    keywords = {Explanatory modeling, causality, data mining, predictive modeling, predictive power, scientific research, statistical strategy}
}
